@article{purvine2016category,
  title={A Category Theoretical Investigation of the Type Hierarchy for Heterogeneous Sensor Integration},
  author={Purvine, Emilie and Joslyn, Cliff and Robinson, Michael},
  journal={arXiv preprint arXiv:1609.02883},
  year={2016}
}
