@article{purvine2016category,
  title={A Category Theoretical Investigation of the Type Hierarchy for Heterogeneous Sensor Integration},
  author={Purvine, Emilie and Joslyn, Cliff and Robinson, Michael},
  journal={arXiv preprint arXiv:1609.02883},
  year={2016}
}
@misc{topsheafWolfram,
    author={Alberni, Jose G.},
    title={Sheaf},
    url={http://mathworld.wolfram.com/Sheaf.html},
    note={Online; accessed 23-June-2019}
}
@misc{siteSheaf,
    author={Wikipedia contributors},
    title={Grothendieck topology --- {Wikipedia}{,} The Free Encyclopedia},
    year={2019},
    url={https://en.wikipedia.org/w/index.php?title=Grothendieck_topology&oldid=882865044},
    note={Online; accessed 23-June-2019}
  }
@incollection{robinson2017sheaf,
  title={Sheaf and duality methods for analyzing multi-model systems},
  author={Robinson, Michael},
  booktitle={Recent Applications of Harmonic Analysis to Function Spaces, Differential Equations, and Data Science},
  pages={653--703},
  year={2017},
  publisher={Springer}
}
@book{spivak2014category,
  title={Category theory for the sciences},
  author={Spivak, David I},
  year={2014},
  publisher={MIT Press}
}
